<record><leader>00000cas a22000007a 4500</leader><controlfield tag="001">20661273</controlfield><controlfield tag="008">891116d19071918aruwr ne      0    0eng d</controlfield><datafield ind1=" " ind2=" " tag="010"><subfield code="a">sn 89051436 </subfield></datafield><datafield ind1=" " ind2=" " tag="040"><subfield code="a">ANU</subfield><subfield code="b">eng</subfield><subfield code="c">ANU</subfield><subfield code="d">OCLCQ</subfield></datafield><datafield ind1=" " ind2=" " tag="042"><subfield code="a">msc</subfield></datafield><datafield ind1="0" ind2=" " tag="130"><subfield code="a">Weekly soliphone (Paragould, Ark. : 1907)</subfield></datafield><datafield ind1="1" ind2="4" tag="245"><subfield code="a">The Weekly soliphone.</subfield></datafield><datafield ind1=" " ind2=" " tag="260"><subfield code="a">Paragould, Greene County, Ark. :</subfield><subfield code="b">Soliphone Co.</subfield></datafield><datafield ind1=" " ind2=" " tag="300"><subfield code="a">v.</subfield></datafield><datafield ind1=" " ind2=" " tag="310"><subfield code="a">Weekly</subfield></datafield><datafield ind1="1" ind2=" " tag="362"><subfield code="a">Began in 1907.</subfield></datafield><datafield ind1="0" ind2=" " tag="362"><subfield code="a">-v. 28, no. 6 [i.e. 7] (Nov. 28 [i.e. Dec. 5], 1918).</subfield></datafield><datafield ind1=" " ind2=" " tag="515"><subfield code="a">Numbering is irregular.</subfield></datafield><datafield ind1=" " ind2=" " tag="588"><subfield code="a">Description based on: Vol. 25, no. 16 (June 21, 1907).</subfield></datafield><datafield ind1=" " ind2="4" tag="651"><subfield code="a">Paragould (Ark.)</subfield><subfield code="v">Newspapers.</subfield></datafield><datafield ind1=" " ind2="4" tag="651"><subfield code="a">Greene County (Ark.)</subfield><subfield code="v">Newspapers.</subfield></datafield><datafield ind1=" " ind2=" " tag="752"><subfield code="a">United States</subfield><subfield code="b">Arkansas</subfield><subfield code="c">Greene</subfield><subfield code="d">Paragould.</subfield></datafield><datafield ind1="0" ind2=" " tag="775"><subfield code="t">Daily soliphone</subfield><subfield code="w">(DLC)sn 89051437</subfield></datafield><datafield ind1="0" ind2=" " tag="775"><subfield code="t">Daily press (Paragould, Ark. : 1911)</subfield><subfield code="w">(DLC)sn 89051438</subfield></datafield><datafield ind1="0" ind2="0" tag="780"><subfield code="t">Soliphone</subfield><subfield code="w">(DLC)sn 90050206</subfield></datafield><datafield ind1="0" ind2="0" tag="785"><subfield code="t">Paragould soliphone</subfield><subfield code="w">(DLC)sn 90050221</subfield></datafield></record>